<?xml version="1.0" encoding="UTF-8"?><collection xmlns="http://www.loc.gov/MARC21/slim"><record><leader>00512nam--2200193-i-4500</leader><controlfield tag="001">000024166</controlfield><controlfield tag="002">20161230</controlfield><controlfield tag="005">20161230201035</controlfield><controlfield tag="008">060222s1000------------r-----000-0-rus-d</controlfield><datafield ind1=" " ind2=" " tag="040"><subfield code="a">IFIN-HH</subfield></datafield><datafield ind1=" " ind2=" " tag="041"><subfield code="a">rus</subfield></datafield><datafield ind1=" " ind2=" " tag="080"><subfield code="a">533.95:537.84</subfield></datafield><datafield ind1="1" ind2=" " tag="100"><subfield code="a">Sorokin, V.N</subfield></datafield><datafield ind1="1" ind2="0" tag="245"><subfield code="a">Fizika medlennih MGD - voln v ionosfernoi plazme</subfield><subfield code="c">V.N. Sorokin, G.V. Fedorovici</subfield></datafield><datafield ind1=" " ind2=" " tag="260"><subfield code="a">Moskva</subfield><subfield code="b">Enoergoizdat</subfield><subfield code="c">1982</subfield></datafield><datafield ind1=" " ind2=" " tag="300"><subfield code="a">135 p</subfield></datafield><datafield ind1="1" ind2=" " tag="700"><subfield code="a">Fedorovici, G.V</subfield></datafield><datafield ind1=" " ind2=" " tag="852"><subfield code="a">70711</subfield><subfield code="c">533.9</subfield></datafield><datafield ind1=" " ind2=" " tag="CAT"><subfield code="a">Sys</subfield><subfield code="c">20100930</subfield><subfield code="h">124902</subfield></datafield></record></collection>